% References

@software{IsqrtRepo,
    title={Analysis of Integer Square Root Algorithms in Solidity},
    author={Christopher H. Gorman},
    year={2023},
    url={https://github.com/chgorman/isqrt-gas},
    repository={https://github.com/chgorman/isqrt-gas},
    license={0BSD},
}

@book{BabyRudin,
    title={Principles of Mathematical Analysis},
    author={Rudin, Walter},
    edition={3},
    year={1976},
    publisher={McGraw-Hill New York}
}

@book{CSMaster,
    title={The Cauchy-Schwarz Master Class:
        An Introduction to the Art of Mathematical Inequalities},
    author={Steele, J. Michael},
    year={2004},
    publisher={Cambridge University Press},
}

@book{cohen1993,
    title={A Course in Computational Algebraic Number Theory},
    author={Cohen, Henri},
    year={1993},
    series={Graduate Texts in Mathematics},
    number={138},
    publisher={Springer},
}

@book{PrimeNumbersACP2005,
    title={Prime Numbers: A Computational Perspective},
    author={Crandall, Richard and Pomerance, Carl},
    edition={2},
    year={2005},
    publisher={Springer},
}

@online{ModernComputerArithmetic051,
    title={Modern Computer Arithmetic},
    author={Brent, Richard P. and Zimmermann, Paul},
    doi={https://doi.org/10.48550/arXiv.1004.4710},
    version={0.5.1},
    year={2010},
}

@book{HackersDelight,
    title={Hacker's Delight},
    author={Henry S. {Warren Jr.}},
    year={2013},
    publisher={Addison-Wesley},
    edition={2},
}

@online{HackersDelightArchive,
    title={Hacker's Delight Integer Square Root Code},
    author={Henry S. {Warren Jr.}},
    year={2013},
    url={https://web.archive.org/web/20190402153025/http://www.hackersdelight.org/hdcodetxt/isqrt.c.txt},
    urldate={2024-03-16},
}

@book{TAOCPv3second,
    title={The Art of Computer Programming},
    author={Knuth, Donald Ervin},
    volume={3},
    year={1998},
    edition={2},
    publisher={Addison-Wesley}
}

@inproceedings{YaoYaoSearching,
    author = {Andrew C. Yao and F. Francis Yao},
    booktitle = {2013 IEEE 54th Annual Symposium on Foundations of Computer Science},
    title = {The complexity of searching an ordered random table},
    year = {1976},
    volume = {},
    issn = {0272-5428},
    pages = {173--177},
    doi = {10.1109/SFCS.1976.32},
    url = {https://doi.ieeecomputersociety.org/10.1109/SFCS.1976.32},
    publisher = {IEEE Computer Society},
    address = {Los Alamitos, CA, USA},
    month = {oct}
}

@online{PythonIsqrt,
    title={Python’s integer square root algorithm},
    year={2022},
    month={1},
    author={Mark Dickinson},
    url={https://github.com/mdickinson/snippets/blob/master/papers/isqrt/isqrt.pdf},
}

@online{EfficientIsqrt,
    title={Efficient Integer Square Roots in Solidity},
    author={Christopher H.~Gorman},
    year={2022},
    month={11},
    url={https://github.com/alicenet/.github/blob/main/docs/efficient_isqrt.pdf},
}

@inproceedings{FormalVerIsqrt,
    title={Formal Verification of a State-of-the-Art Integer Square Root},
    author={Melquiond, Guillaume and Rieu-Helft, Rapha{\"e}l},
    booktitle={2019 IEEE 26th Symposium on Computer Arithmetic (ARITH)},
    pages={183--186},
    year={2019},
    organization={IEEE},
    doi={https://doi.org/10.1109/ARITH.2019.00041},
    url={https://inria.hal.science/hal-02092970/file/main.pdf},
}

@report{EthereumYellowpaper,
    title={Ethereum: A Secure Decentralised Generalised Transaction Ledger},
    author={Wood, Gavin},
    institution={Ethereum Project},
    type={Yellowpaper},
    year={2022},
    url={https://github.com/ethereum/yellowpaper}
}

@online{prb-math,
    title={Integer Square Root Algorithm in Solidity},
    author={Paul Razvan Berg},
    month={6},
    year={2023},
    url={https://github.com/PaulRBerg/prb-math/blob/28055f6cd9a2367f9ad7ab6c8e01c9ac8e9acc61/src/Common.sol#L595},
}

@online{open-zeppelin,
    title={Integer Square Root Algorithm in Solidity},
    author={OpenZeppelin},
    month={7},
    year={2023},
    url={https://github.com/OpenZeppelin/openzeppelin-contracts/blob/6bf68a41d19f3d6e364d8c207cb7d1a9a8e542e1/contracts/utils/math/Math.sol#L220},
}

@online{open-zeppelin-v2,
    title={Integer Square Root Algorithm in Solidity},
    author={OpenZeppelin},
    month={2},
    year={2024},
    url={https://github.com/OpenZeppelin/openzeppelin-contracts/blob/140d66fad8b3d8bf1fe793fc73d5e0a9f55f16e3/contracts/utils/math/Math.sol#L391},
}

@online{abdk-consulting,
    title={Integer Square Root Algorithm in Solidity},
    author={ABDK Consulting},
    month={10},
    year={2020},
    url={https://github.com/abdk-consulting/abdk-libraries-solidity/blob/9e69beb255e2f87d67b44047dae229ba42ee9a64/ABDKMath64x64.sol#L727},
}

@online{uniswap-v2,
    title={Integer Square Root Algorithm in Solidity},
    author={Uniswap},
    month={1},
    year={2020},
    url={https://github.com/Uniswap/v2-core/blob/585ee2ef824db671b71e351a91860a003c05431d/contracts/libraries/Math.sol#L11},
}

@online{ScipyLoguniform,
    title={{\texttt{scipy.stats.loguniform}}},
    author={Scipy},
    url={https://docs.scipy.org/doc/scipy/reference/generated/scipy.stats.loguniform.html},
    urldate={2023-07-16},
}

@online{NumpyRandomSeed,
    title={{\texttt{numpy.random.seed}}},
    author={Numpy},
    url={https://numpy.org/doc/stable/reference/random/generated/numpy.random.seed.html},
    urldate={2023-07-16},
}

@online{PythonIsqrtLink,
    title={Mathematical Functions},
    author={Python},
    url={https://docs.python.org/3/library/math.html#math.isqrt},
    urldate={2023-07-16},
}

@online{WikiSqrtHyper,
    title={Methods of computing square roots: Hyperbolic estimates},
    url={https://en.wikipedia.org/wiki/Methods_of_computing_square_roots#Hyperbolic_estimates},
    urldate={2023-08-14},
}

@online{WikiSqrtBinary,
    title={Methods of computing square roots: Binary estimates},
    url={https://en.wikipedia.org/wiki/Methods_of_computing_square_roots#Binary_estimates},
    urldate={2023-08-14},
}

@online{MathInSolidity3,
    title={Math in Solidity (Part 3: Percents and Proportions)},
    author={Mikhail Vladimirov},
    url={https://medium.com/coinmonks/math-in-solidity-part-3-percents-and-proportions-4db014e080b1},
    urldate={2023-08-21},
}

@online{BlockSizesGasLimits,
    title={On Block Sizes, Gas Limits and Scalability},
    author={Nero\_eth},
    url={https://ethresear.ch/t/on-block-sizes-gas-limits-and-scalability/18444},
    urldate={2024-11-11},
}

@article{EthereumYellowpaper,
    title={Ethereum: A Secure Decentralised Generalised Transaction Ledger},
    author={Wood, Gavin},
    journal={Ethereum project yellow paper},
    year={2022},
    note={Commit \texttt{4b05e0d}},
    url={https://github.com/ethereum/yellowpaper}
}

@article{guo2010newton,
    title={On Newton's method and Halley's method for the principal $p$th
        root of a matrix},
    author={Guo, Chun-Hua},
    journal={Linear Algebra and its Applications},
    volume={432},
    number={8},
    pages={1905--1922},
    year={2010},
    publisher={Elsevier},
    doi={https://doi.org/10.1016/j.laa.2009.02.030},
}

@article{gonnet1980algorithmic,
    title={An Algorithmic and Complexity Analysis of Interpolation Search},
    author={Gaston H. Gonnet and Lawrence D. Rogers and J. Alan George},
    journal={Acta Informatica},
    volume={13},
    pages={39--52},
    year={1980},
    publisher={Springer},
    url={https://www.researchgate.net/profile/Gaston-Gonnet/publication/220197937_An_Algorithmic_and_Complexity_Analysis_of_Interpolation_Search/links/00b7d5327f9304caef000000/An-Algorithmic-and-Complexity-Analysis-of-Interpolation-Search.pdf},
}

@article{mohammed2021interpolated,
    title={Interpolated binary search: An efficient hybrid search algorithm
        on ordered datasets},
    author={Mohammed, Adnan Saher and Amrahov, {\c{S}}ahin Emrah and
        {\c{C}}elebi, Fatih V},
    journal={Engineering Science and Technology, an International Journal},
    volume={24},
    number={5},
    pages={1072--1079},
    year={2021},
    publisher={Elsevier},
    url={https://www.sciencedirect.com/science/article/pii/S221509862100046X},
}

@software{hardhat,
    author = {Nomic Foundation},
    title = {Hardhat},
    url = {https://hardhat.org/},
    version = {2.16.1},
    date = {2024-12-10},
}

@online{SolidityLanguage,
    title={Solidity Language},
    author={Solidity Development Team},
    url={https://soliditylang.org/},
    urldate={2024-12-15},
}

@online{OpenZeppelinIsqrtCommit,
    title={Improved integer square root (\#4403)},
    author={Hadrien Croubois and Ernesto García and Christopher H. Gorman},
    date={2024-02-16},
    url={https://github.com/OpenZeppelin/openzeppelin-contracts/commit/140d66fad8b3d8bf1fe793fc73d5e0a9f55f16e3},
    urldate={2024-12-11},
}
